@article{AndroidMarketShare,
	Abstract = {Worldwide smartphone shipments declined 0.5\% in 2017},
	Author = {IDC},
	Journal = {IDC Research Report},
	Month = {3},
	Number = {},
	Numpages = {},
	Pages = {},
	Title = {Smartphone OS market share},
	Volume = {},
	Url = {https://www.idc.com/promo/smartphone-market-share/os},
	Year = {2017}}


@article{AndroidStats,
	Abstract = {The most comprehensive data on Android Apps from Play Store you will find anywhere. This has been put together using unofficial non-commercial Play Store APIs and publicly available reports.},
	Author = {D. Abbot},
	Journal = {Medium},
	Month = {4},
	Number = {},
	Numpages = {},
	Pages = {},
	Title = {Google Play Store Data: 3.7mn Apps, \$14.6bn spends, 60bn Installs, Top Categories, CPI Worldwide and over 100 data points},
	Volume = {},
	Url = {https://growthbug.com/google-play-store-data-3-7mn-36331f2c8b26},
	Year = {2018}}

@article{uBlock,
	Abstract = {uBlock Origin's main goal is to help users neutralize such privacy-invading apparatus ...},
	Author = {gorhill},
	Journal = {Github Repository},
	Month = {6},
	Number = {},
	Numpages = {},
	Pages = {},
	Title = {uBlock Origin},
	Volume = {},
	Url = {https://github.com/gorhill/uBlock},
	Year = {2018}}
    
@article{bird2017mobile,
  title={Mobile Threat},
  author={Bird, David},
  journal={ITNOW},
  volume={59},
  number={4},
  pages={46--47},
  year={2017},
  publisher={Oxford University Press}
}

@inproceedings{ahmad2017android,
  title={Android Mobile Malware Classification using Tokenization Approach based on System Call Sequence},
  author={Ahmad, Intan Nurfarahin and Ridzuan, Farida and Saudi, Madihah Mohd and Pitchay, Sakinah Ali and Basir, Nurlida and Nabila, NF},
  booktitle={Proceedings of the World Congress on Engineering and Computer Science},
  volume={1},
  year={2017}
}

@incollection{york2018global,
  title={Global Mobile Market Research in 2017},
  author={York, Sue and Poynter, Ray},
  booktitle={Mobile Research},
  pages={1--14},
  year={2018},
  publisher={Springer}
}

@article{computer2015ownership,
  title={Global Computer Ownership},
  author={Pew Research Center},
  journal={},
  volume={},
  number={},
  pages={},
  year={2015},
  url={http://www.pewglobal.org/2015/03/19/internet-seen-as-positive-influence-on-education-but-negative-influence-on-morality-in-emerging-and-developing-nations/technology-report-15/}
}

@article{icann2015law,
  title={ICANN Is Not the Internet Content Police},
  author={ICANN},
  journal={},
  volume={},
  number={},
  pages={},
  year={2015},
  url={https://www.icann.org/news/blog/icann-is-not-the-internet-content-police}
}

@article{android2018version,
	Abstract = {Android OS platform version market share 2018 ...},
	Author = {Statista},
	Journal = {The Statistics Portal},
	Month = {6},
	Number = {},
	Numpages = {},
	Pages = {},
	Title = {Android operating system share worldwide by OS version from 2013 to 2018},
	Volume = {},
	Url = {https://www.statista.com/statistics/271774/share-of-android-platforms-on-mobile-devices-with-android-os/},
	Year = {2018}
}
    
@article{reddit2018arcwelder,
  title={PSA: Avoid the fake Android App Runtime (ARC Welder) extension (with over 32,000 installs!) on the Chrome Web Store, as it injects ads and trackers into every webpage you visit. It is the only one that shows up in search results and the real one appears to be installable, but delisted/"noindex"-ed},
  author={Dr. Walter Bishop},
  journal={},
  volume={},
  number={},
  pages={},
  year={2018},
  url={https://www.reddit.com/r/Android/comments/8uucob/psa_avoid_the_fake_android_app_runtime_arc_welder/}
}

@article{fortune2017sarahah,
  title={Sarahah Has Been Downloading All the Data In Your Address Book},
  author={Natasha Bach},
  journal={},
  volume={},
  number={},
  pages={},
  year={2017},
  url={http://fortune.com/2017/08/28/sarahah-app-downloading-contact-list/}
}

@article{hackernews2017sarahah,
  title={Beware! Viral Sarahah App Secretly Steals Your Entire Contact List},
  author={Mohit Kumar},
  journal={},
  volume={},
  number={},
  pages={},
  year={2017},
  url={https://thehackernews.com/2017/08/sarahah-privacy.html}
}

@misc{WikipediaEN:PL,
    author = {{Wikipedia, the free encyclopedia}},
    title = {An example power-law graph, being used to demonstrate ranking of popularity. To the right is the long tail, and to the left are the few that dominate (also known as the 80â€“20 rule).},
    year = {2006},
    note = {[Online; accessed July 12, 2018]},
    url = {https://commons.wikimedia.org/wiki/File:Long_tail.svg}
}

@article{huber2018,
title={How to Do it Wrong: Smartphone Antivirus and Security Applications Under Fire},
author={Stephan Huber, Siegfried Rasthofer},
journal={DEF CON},
year={2018},
url={https://www.defcon.org/html/defcon-24/dc-24-speakers.html#Huber}
}

@misc{forbes2017malware,
    author = {Thomas Fox-Brewster},
    title = {Google Is Fighting A Massive Android Malware Outbreak -- Up To 21 Million Victims},
    year = {2017},
    note = {[Online; accessed July 20, 2018]},
    url = {https://www.forbes.com/sites/thomasbrewster/2017/09/14/massive-google-android-malware-expensivewall/#51971848477f}
}
